<record><leader>01435npda 2200229 i 4500</leader><controlfield tag="001">GB 3600 RUS/1/4</controlfield><controlfield tag="003">Archival Reference Code</controlfield><controlfield tag="008">230215i19711972enk           0000||eng|d</controlfield><datafield tag="024" ind1="7" ind2=" "><subfield code="a">GB 3600 RUS/1/4</subfield><subfield code="2">Archival Reference Code</subfield></datafield><datafield tag="040" ind1=" " ind2=" "><subfield code="a">UkSoSU</subfield><subfield code="b">eng</subfield><subfield code="c">UkSoSU</subfield></datafield><datafield tag="100" ind1="1" ind2=" "><subfield code="a">Russell, Ken,</subfield><subfield code="d">1927-2011</subfield></datafield><datafield tag="245" ind1="1" ind2="0"><subfield code="a" ind2="4">The Boyfriend</subfield></datafield><datafield tag="264" ind1=" " ind2="0"><subfield code="c">1971 - 1972</subfield></datafield><datafield tag="300" ind1=" " ind2=" "><subfield code="a">73 items</subfield></datafield><datafield tag="505" ind1="8" ind2=" "><subfield code="a">Detailed contents: - 72 black and white photographs, most apparently stills from the film, possibly some from the filming process, one showing Russell copyrighted to MGM 1972. -- a promotional booklet for the film.</subfield></datafield><datafield tag="520" ind1="2" ind2=" "><subfield code="a">Items relating to Ken Russell's 1971 musical comedy The Boyfriend, an adaptation of Sandy Wilson's 1953 musical of the same title.</subfield></datafield><datafield tag="541" ind1=" " ind2=" "><subfield code="c">Gift;</subfield><subfield code="a">Ken Russell</subfield></datafield><datafield tag="590" ind1=" " ind2=" "><subfield code="Q">&lt;a href="https://www.imdb.com/title/tt0066858/" target="_blank"&gt;IMDB page for The Boyfriend&lt;/a&gt;</subfield><subfield code="2">UkSoSU Primo VE display field</subfield></datafield><datafield tag="590" ind1=" " ind2=" "><subfield code="Q">&lt;a href="https://archiveshub.jisc.ac.uk/data/gb3600-rus/rus/1/4" target="_blank"&gt;Archives Hub record for this item&lt;/a&gt;</subfield><subfield code="2">UkSoSU Primo VE display field</subfield></datafield><datafield tag="590" ind1=" " ind2=" " /></record>