<record><leader>01435npda 2200229 i 4500</leader><controlfield tag="001">GB 3600 RUS/1/18</controlfield><controlfield tag="003">Archival Reference Code</controlfield><controlfield tag="008">230215s1993    enk           0000||eng|d</controlfield><datafield tag="024" ind1="7" ind2=" "><subfield code="a">GB 3600 RUS/1/18</subfield><subfield code="2">Archival Reference Code</subfield></datafield><datafield tag="040" ind1=" " ind2=" "><subfield code="a">UkSoSU</subfield><subfield code="b">eng</subfield><subfield code="c">UkSoSU</subfield></datafield><datafield tag="100" ind1="1" ind2=" "><subfield code="a">Russell, Ken,</subfield><subfield code="d">1927-2011</subfield></datafield><datafield tag="245" ind1="1" ind2="0"><subfield code="a" ind2="4">The Insatiable Mrs Kirsch</subfield></datafield><datafield tag="264" ind1=" " ind2="0"><subfield code="c">1993</subfield></datafield><datafield tag="300" ind1=" " ind2=" "><subfield code="a">193 items</subfield></datafield><datafield tag="505" ind1="8" ind2=" "><subfield code="a">Detailed contents: - 5 copies of a script for the film -- 1 small envelope of negatives -- 27 colour transparencies of photographs taken during filming, showing both Russell and (apparently) scenes from the film, attributed to Mark Bourdillon. -- 159 colour slides taken during filming, showing both Russell and (apparently) scenes from the film, attributed to Stay Still. -- 1 colour photograph, apparently showing Russell and his family.</subfield></datafield><datafield tag="520" ind1="2" ind2=" "><subfield code="a">Material relating to the 1995 short film The Insatiable Mrs. Kirsch, written by Ken Russell and Hetty Baynes.</subfield></datafield><datafield tag="541" ind1=" " ind2=" "><subfield code="c">Gift;</subfield><subfield code="a">Ken Russell</subfield></datafield><datafield tag="590" ind1=" " ind2=" "><subfield code="Q">&lt;a href="https://www.imdb.com/title/tt0107218/" target="_blank"&gt;IMDB page for The Insatiable Mrs. Kirsch&lt;/a&gt;</subfield><subfield code="2">UkSoSU Primo VE display field</subfield></datafield><datafield tag="590" ind1=" " ind2=" "><subfield code="Q">&lt;a href="https://archiveshub.jisc.ac.uk/data/gb3600-rus/rus/1/18" target="_blank"&gt;Archives Hub record for this item&lt;/a&gt;</subfield><subfield code="2">UkSoSU Primo VE display field</subfield></datafield><datafield tag="590" ind1=" " ind2=" " /><datafield tag="700" ind1="1" ind2=" "><subfield code="a">Baynes, Hetty 1956-</subfield></datafield><datafield tag="700" ind1="1" ind2=" "><subfield code="a">Bourdillon, Mark</subfield></datafield><datafield tag="710" ind1="2" ind2=" "><subfield code="a">Stay Still</subfield></datafield></record>