<record><leader>01435npda 2200229 i 4500</leader><controlfield tag="001">GB 3600 RUS/1/29</controlfield><controlfield tag="003">Archival Reference Code</controlfield><controlfield tag="008">230215s1972    enk           0000||eng|d</controlfield><datafield tag="024" ind1="7" ind2=" "><subfield code="a">GB 3600 RUS/1/29</subfield><subfield code="2">Archival Reference Code</subfield></datafield><datafield tag="040" ind1=" " ind2=" "><subfield code="a">UkSoSU</subfield><subfield code="b">eng</subfield><subfield code="c">UkSoSU</subfield></datafield><datafield tag="100" ind1="1" ind2=" "><subfield code="a">Russell, Ken,</subfield><subfield code="d">1927-2011</subfield></datafield><datafield tag="245" ind1="1" ind2="0"><subfield code="a">Savage Messiah</subfield></datafield><datafield tag="264" ind1=" " ind2="0"><subfield code="c">1972</subfield></datafield><datafield tag="300" ind1=" " ind2=" "><subfield code="a">138 items</subfield></datafield><datafield tag="505" ind1="8" ind2=" "><subfield code="a">Detailed contents: - 133 black and white photographs showing scenes from the film and breaks between filming, including shots of Russell giving direction and of Victoria Russell (age 10), daughter of Ken Russell, who had a role in the film. -- Promotional material for the film: 1 colour photograph, 1 MGM Pressbook, 2 small posters, 1 sheet titled 'Press &amp;amp; Advertising Material for MGM's Savage Messiah.'</subfield></datafield><datafield tag="520" ind1="2" ind2=" "><subfield code="a">Material relating to Ken Russell's film, Savage Messiah, which tells the story of the French sculptor Henri Gaudier-Brzeska.</subfield></datafield><datafield tag="541" ind1=" " ind2=" "><subfield code="c">Gift;</subfield><subfield code="a">Ken Russell</subfield></datafield><datafield tag="590" ind1=" " ind2=" "><subfield code="Q">&lt;a href="https://www.imdb.com/title/tt0069225/" target="_blank"&gt;IMDB page for Savage Messiah&lt;/a&gt;</subfield><subfield code="2">UkSoSU Primo VE display field</subfield></datafield><datafield tag="590" ind1=" " ind2=" "><subfield code="Q">&lt;a href="https://archiveshub.jisc.ac.uk/data/gb3600-rus/rus/1/29" target="_blank"&gt;Archives Hub record for this item&lt;/a&gt;</subfield><subfield code="2">UkSoSU Primo VE display field</subfield></datafield><datafield tag="590" ind1=" " ind2=" " /></record>