<record><leader>01435npda 2200229 i 4500</leader><controlfield tag="001">GB 3600 RUS/1/35</controlfield><controlfield tag="003">Archival Reference Code</controlfield><controlfield tag="008">230215s1969    enk           0000||eng|d</controlfield><datafield tag="024" ind1="7" ind2=" "><subfield code="a">GB 3600 RUS/1/35</subfield><subfield code="2">Archival Reference Code</subfield></datafield><datafield tag="040" ind1=" " ind2=" "><subfield code="a">UkSoSU</subfield><subfield code="b">eng</subfield><subfield code="c">UkSoSU</subfield></datafield><datafield tag="100" ind1="1" ind2=" "><subfield code="a">Russell, Ken,</subfield><subfield code="d">1927-2011</subfield></datafield><datafield tag="245" ind1="1" ind2="0"><subfield code="a">Women in Love</subfield></datafield><datafield tag="264" ind1=" " ind2="0"><subfield code="c">1969</subfield></datafield><datafield tag="300" ind1=" " ind2=" "><subfield code="a">27 items</subfield></datafield><datafield tag="505" ind1="8" ind2=" "><subfield code="a">- 21 black and white photographs taken during filming, some apparently showing scenes from the film, others showing the filming process. -- Promotional material for the film: 4 colour promotional photographs, 1 promotional booklet ("Exhibitor's Campaign Book"), 1 sheet showing various different advertisements.</subfield></datafield><datafield tag="520" ind1="2" ind2=" "><subfield code="a">Material relating to Ken Russell's film, Women in Love.</subfield></datafield><datafield tag="541" ind1=" " ind2=" "><subfield code="c">Gift;</subfield><subfield code="a">Ken Russell</subfield></datafield><datafield tag="590" ind1=" " ind2=" "><subfield code="Q">&lt;a href="https://www.imdb.com/title/tt0066579/" target="_blank"&gt;IMDB page for Women in Love&lt;/a&gt;</subfield><subfield code="2">UkSoSU Primo VE display field</subfield></datafield><datafield tag="590" ind1=" " ind2=" "><subfield code="Q">&lt;a href="https://archiveshub.jisc.ac.uk/data/gb3600-rus/rus/1/35" target="_blank"&gt;Archives Hub record for this item&lt;/a&gt;</subfield><subfield code="2">UkSoSU Primo VE display field</subfield></datafield><datafield tag="590" ind1=" " ind2=" " /></record>