<record><leader>01435npda 2200229 i 4500</leader><controlfield tag="001">GB 3600 RUS/2/1</controlfield><controlfield tag="003">Archival Reference Code</controlfield><controlfield tag="008">230215i19721993enk           0000||eng|d</controlfield><datafield tag="024" ind1="7" ind2=" "><subfield code="a">GB 3600 RUS/2/1</subfield><subfield code="2">Archival Reference Code</subfield></datafield><datafield tag="040" ind1=" " ind2=" "><subfield code="a">UkSoSU</subfield><subfield code="b">eng</subfield><subfield code="c">UkSoSU</subfield></datafield><datafield tag="100" ind1="1" ind2=" "><subfield code="a">Russell, Ken,</subfield><subfield code="d">1927-2011</subfield></datafield><datafield tag="245" ind1="1" ind2="0"><subfield code="a">Photographs</subfield></datafield><datafield tag="264" ind1=" " ind2="0"><subfield code="c">Approximately 1972 - 1993</subfield></datafield><datafield tag="300" ind1=" " ind2=" "><subfield code="a">8 items</subfield></datafield><datafield tag="505" ind1="8" ind2=" "><subfield code="a">Detailed contents: - Five black and white promotional photographs of Dorothy Lamour, taken from her works. -- One black and white photograph of Ken Russell with director Jack Gold, apparently on stage at a conference. -- Two black and white photographs, apparently of a shop window display about Ken Russell.</subfield></datafield><datafield tag="520" ind1="2" ind2=" "><subfield code="a">Various photographs owned by Russell that do not relate to a particular one of his works.</subfield></datafield><datafield tag="541" ind1=" " ind2=" "><subfield code="c">Gift;</subfield><subfield code="a">Ken Russell</subfield></datafield><datafield tag="590" ind1=" " ind2=" "><subfield code="Q">&lt;a href="https://archiveshub.jisc.ac.uk/data/gb3600-rus/rus/2/1" target="_blank"&gt;Archives Hub record for this item&lt;/a&gt;</subfield><subfield code="2">UkSoSU Primo VE display field</subfield></datafield><datafield tag="590" ind1=" " ind2=" "><subfield code="W">The items are filed under: Ken Russell: friends and family.</subfield><subfield code="2">UkSoSU Primo VE display field</subfield></datafield></record>